<record><leader>00000cas a22000007a 4500</leader><controlfield tag="001">37288838</controlfield><controlfield tag="008">970714d1905191uokuwr n       0    0eng d</controlfield><datafield ind1=" " ind2=" " tag="010"><subfield code="a">sn 97070059 </subfield></datafield><datafield ind1=" " ind2=" " tag="040"><subfield code="a">OBN</subfield><subfield code="b">eng</subfield><subfield code="c">OBN</subfield><subfield code="d">OCLCQ</subfield><subfield code="d">OCLCO</subfield></datafield><datafield ind1="1" ind2=" " tag="029"><subfield code="a">AU@</subfield><subfield code="b">000013409291</subfield></datafield><datafield ind1=" " ind2=" " tag="042"><subfield code="a">msc</subfield></datafield><datafield ind1=" " ind2=" " tag="043"><subfield code="a">n-us-ok</subfield></datafield><datafield ind1="0" ind2="0" tag="245"><subfield code="a">Crowder City guardian.</subfield></datafield><datafield ind1="3" ind2=" " tag="246"><subfield code="a">Guardian</subfield></datafield><datafield ind1="3" ind2=" " tag="246"><subfield code="a">Crowder City Okla. guardian</subfield></datafield><datafield ind1=" " ind2=" " tag="260"><subfield code="a">Crowder, Okla. :</subfield><subfield code="b">Henning Arnold Soderberg</subfield></datafield><datafield ind1=" " ind2=" " tag="300"><subfield code="a">v.</subfield></datafield><datafield ind1=" " ind2=" " tag="310"><subfield code="a">Weekly</subfield></datafield><datafield ind1="0" ind2=" " tag="362"><subfield code="a">Vol. 1, no. 1 (Dec. 14, 1905)-</subfield></datafield><datafield ind1=" " ind2=" " tag="588"><subfield code="a">Description based on: Vol. 1, no. 2 (Dec. 21, 1905).</subfield></datafield><datafield ind1=" " ind2="0" tag="651"><subfield code="a">Crowder (Okla.)</subfield><subfield code="v">Newspapers.</subfield></datafield><datafield ind1=" " ind2="0" tag="651"><subfield code="a">Pittsburg County (Okla.)</subfield><subfield code="v">Newspapers.</subfield></datafield><datafield ind1=" " ind2=" " tag="752"><subfield code="a">United States</subfield><subfield code="b">Oklahoma</subfield><subfield code="c">Pittsburg</subfield><subfield code="d">Crowder.</subfield></datafield><datafield ind1="0" ind2="5" tag="780"><subfield code="t">Canadian Valley news (Canadian, Okla.)</subfield><subfield code="w">(DLC)sn 97070058</subfield><subfield code="w">(OCoLC)37288794</subfield></datafield><datafield ind1="0" ind2="0" tag="785"><subfield code="t">Pittsburg County guardian</subfield><subfield code="w">(DLC)sn 97070060</subfield><subfield code="w">(OCoLC)37288899</subfield></datafield></record>